@book {Lang,
    AUTHOR = {Lang, Serge},
    TITLE = {Algebra},
    VOLUME = {211},
    YEAR = {2012},
    PUBLISHER = {Springer Science \& Business Media}
}
